1913 3138
325 2205 341 2450 ι“““υι.-ιι
328 2154 334 2170 .-

772 447 836 472 AJ).
862 440 955 477 1227,
978 447 1041 472 ΑΒ.
1067 440 1115 472 12.
1432 440 1494 474 675

386 534 433 566 Et
463 533 535 566 ideo
565 533 804 567 consideratum
829 538 880 566 est
904 533 990 577 quod
1015 537 1102 566 terra
1127 533 1274 577 capiatur
1302 534 1337 566 in
1361 544 1494 566 manum

384 585 481 617 Dom.
511 585 620 628 Regis,
650 589 685 617 et
716 585 778 628 ipsi
814 589 1083 617 summoueantur
1116 585 1203 628 quod
1237 585 1304 618 sint
1338 585 1426 628 apud
1461 585 1494 618 S.

385 636 596 669 Edmundum
614 636 672 668 tali
688 636 741 669 die
757 636 799 669 ad
814 636 1014 668 audiendum
1030 636 1188 668 iudicium
1203 648 1298 669 suum
1313 641 1372 669 etc.

453 688 579 720 'Assisa
605 687 699 720 uenit
724 687 932 730 recognitum.
954 687 982 719 si
1009 686 1149 719 Thomas
1179 691 1213 719 et
1242 687 1408 720 Johannes
1434 687 1494 720 filii

384 739 528 783 Seywini
566 740 607 772 de
649 739 878 772 Hintelesham
915 743 950 772 et
988 739 1171 771 Willelmus
1212 739 1299 772 filius
1335 739 1492 772 Willelmi

382 792 541 835 Testepin
557 796 592 824 et
608 791 690 824 tales
710 792 784 824 etc.²
803 791 925 824 iniuste
944 796 1004 824 etc.
1029 791 1276 824 disseisiuemnt
1297 792 1492 824 Nieholaum

380 843 489 876 filium
505 843 647 887 Seywini
663 843 704 876 de
720 843 821 876 libero
842 846 1033 875 tenemento
1048 854 1107 875 suo
1121 842 1157 875 in
1173 843 1401 876 Hintelesham
1418 848 1493 886 post

381 899 444 928 etc,
464 895 469 936 Ι
1542 898 1620 924 [mm

449 946 508 979 'Et
537 947 705 979 Johannes
726 946 821 979 uenit
843 951 878 979 et
900 946 1064 979 Robertus
1086 945 1159 979 etc.⁸
1203 946 1247 979 Et
1269 946 1435 979 Johannes
1457 952 1491 979 et
1504 955 1649 999 Qutgfflm

379 999 546 1032 Robertus
575 999 714 1031 ueniunt
740 1003 773 1031 et
798 998 881 1030 bene
906 998 1089 1031 concedunt
1112 998 1254 1037 assisam,
1279 999 1356 1042 quia
1377 998 1491 1031 dicunt
1503 1002 1631 1045 ‘'iffi-„¹22¹”

378 1050 470 1094 quod
493 1049 671 1082 Nicholaus
697 1060 864 1092 nunquam
887 1049 1004 1081 habuit
1033 1050 1080 1082 ibi
1103 1050 1241 1082 liberum
1266 1055 1489 1083 tenementum
1503 1052 1629 1092 &mffiess'

377 1101 460 1144 quia
474 1101 615 1134 uillanus
630 1105 680 1133 est
700 1105 735 1133 et
754 1112 883 1143 semper
902 1101 973 1133 fuit.
1021 1101 1087 1133 Sed
1107 1105 1193 1134 terra
1216 1101 1273 1134 illa
1292 1102 1392 1134 libere
1412 1102 1490 1135 data
1503 1095 1642 1143 *³¹33ssss

376 1153 446 1185 fuit
460 1153 490 1185 ei
505 1165 578 1185 cum
595 1164 694 1185 uxore
710 1164 778 1191 sua,
792 1153 867 1185 ideo
881 1152 1035 1196 procedat
1050 1153 1156 1186 assisa.
1502 1142 1652 1185 ἶῗῗηωὲιῗιῗ

445 1204 468 1237 J
470 1209 613 1237 uratores
622 1204 737 1237 dicunt
748 1204 834 1247 quod
850 1204 998 1236 Sewinus
1009 1208 1104 1247 pater
1117 1205 1140 1237 J
1141 1204 1277 1237 ohannis
1288 1209 1323 1237 et
1338 1205 1490 1238 Nicholai
1502 1188 1593 1233 'gfff‘
1601 1189 1624 1209 n*

373 1256 462 1289 obiit
477 1257 618 1289 uillanus
634 1260 668 1289 et
682 1267 811 1299 semper
824 1260 896 1288 tota
912 1256 984 1288 uita¹
998 1268 1058 1289 sua
1072 1257 1181 1289 tenuit
1200 1261 1320 1289 terram
1341 1257 1432 1289 illam
1454 1258 1489 1290 in

373 1308 564 1351 uillenagio,
596 1312 630 1341 et
666 1313 741 1352 post
774 1313 911 1341 mortem
943 1308 1064 1341 Sewini
1101 1320 1182 1341 uxor
1210 1309 1281 1341 eius
1311 1309 1488 1342 secundum

375 1359 648 1392 consuetudinem
671 1359 809 1392 manerii
828 1359 946 1392 habuit
969 1364 1072 1392 totam
1094 1364 1213 1392 terram
1234 1360 1333 1398 illam,
1348 1364 1383 1393 et
1403 1361 1489 1404 quod

375 1411 561 1444 manerium
578 1411 642 1443 fuit
656 1411 697 1444 de
713 1411 873 1444 dominico
892 1411 985 1443 Dom.
1008 1412 1116 1455 Regis,
1137 1416 1172 1444 et
1192 1412 1391 1445 consuetudo
1413 1412 1489 1444 talis

377 1462 469 1501 fuit⁶‚
484 1467 518 1495 et
532 1474 645 1495 omnes
664 1463 724 1495 filii
746 1463 797 1495 sui
816 1463 949 1495 fuerunt
967 1474 1041 1495 cum
1064 1475 1104 1496 ea.
1124 1463 1210 1496 sicut
1231 1464 1410 1497 seruientes
1429 1464 1488 1497 sui.

377 1515 498 1547 Postea
526 1514 620 1547 uenit
650 1515 835 1548 Willelmus
864 1515 1020 1558 Testepin
1046 1519 1081 1547 ct
1105 1515 1233 1548 locutus
1259 1515 1322 1548 fuit
1344 1516 1393 1548 ita
1414 1527 1488 1548 cum

375 1567 513 1611 capitali
536 1567 667 1600 domino
690 1566 777 1610 quod
803 1566 961 1600 concessit
985 1567 1017 1600 ei
1042 1567 1256 1611 uillenagium
1283 1567 1365 1600 illud
1388 1567 1489 1601 libere

375 1618 565 1658 tenendum,
581 1624 616 1652 et
630 1619 718 1651 idem
739 1619 922 1651 Willelmus
940 1618 1034 1651 dedit
1056 1618 1203 1662 predicto
1222 1619 1245 1651 J
1247 1619 1367 1651 ohanni
1386 1619 1487 1651 filiam

375 1682 472 1703 suam
486 1671 522 1703 in
536 1682 679 1709 uxorem,
693 1675 728 1703 et
742 1675 849 1703 mater
862 1671 886 1703 J
886 1670 1023 1703 ohannis
1038 1670 1164 1703 dimisit
1178 1682 1213 1703 se
1227 1671 1270 1703 de
1286 1676 1372 1703 terra
1382 1670 1439 1703 illa
1453 1675 1488 1703 et

375 1723 487 1766 posuit
502 1723 609 1766 ipsum
624 1723 648 1756 J
649 1723 810 1756 ohannem
831 1723 867 1755 in
886 1723 1048 1762 seisinam,
1065 1723 1151 1755 unde
1166 1723 1250 1755 bene
1265 1723 1378 1756 dicunt
1401 1723 1487 1767 quod

377 1774 559 1807 Nicholaus
573 1786 740 1818 nunquam
757 1775 873 1808 habuit
884 1775 1045 1814 seisinam,
1057 1779 1091 1807 et
1105 1774 1179 1807 ideo
1194 1774 1307 1807 dicunt
1321 1775 1408 1818 quod
1422 1786 1487 1807 non
1500 1795 1556 1814 No„
1563 1794 1590 1815 4,

376 1831 430 1860 est
444 1826 634 1867 disseisitus,
648 1833 683 1860 et
696 1827 771 1860 ideo
784 1827 820 1860 in
837 1827 1055 1860 misericordia
1069 1838 1127 1870 pro
1142 1826 1221 1859 falso
1236 1826 1381 1859 clamore.
1498 1818 1644 1862 m&

443 1879 571 1912 ‘Assisa
596 1879 690 1912 uenit
719 1879 925 1922 recognitum
947 1879 976 1911 si
1005 1879 1028 1911 J
1029 1878 1172 1911 ohannes
1201 1878 1288 1910 filius
1313 1878 1485 1910 Porteman
1498 1865 1597 1931 ‘rig-'53:⁹⁸2
1604 1912 1641 1932 nu

376 1932 480 1964 frater
494 1931 643 1964 Edwardi
659 1931 723 1964 fuit
743 1931 872 1964 seisitus
892 1931 927 1963 in
949 1931 1109 1963 dominico
1131 1941 1190 1963 suo
1210 1934 1248 1962 ut
1267 1929 1308 1962 de
1332 1930 1424 1962 feodo
1445 1930 1486 1963 de
1499 1917 1636 1978 ἓξὲξ,

375 1983 433 2026 xij.
449 1994 510 2016 aer.
526 1988 610 2015 terre
626 1995 701 2015 cum
715 1988 796 2026 pert.
817 1983 852 2015 in
873 1983 1085 2026 Buggeslawe
1100 1982 1153 2015 die
1169 1987 1238 2020 etc„
1253 1993 1350 2025 quam
1367 1987 1485 2014 terram
1499 1982 1650 2029 {ffissff

376 2036 542 2069 Jordanus
568 2035 755 2068 Corndebof
772 2039 871 2068 tenet.
917 2035 982 2075 Qui
1005 2034 1098 2067 uenit
1120 2038 1155 2067 et
1176 2034 1257 2066 dicit
1278 2034 1365 2077 quod
1386 2033 1485 2066 nichil
1500 2029 1650 2074 fflssfflssff‘

376 2087 498 2121 clamat
513 2087 548 2119 in
563 2091 650 2119 terra
663 2087 721 2119 ina
735 2087 798 2119 nisi
818 2086 998 2119 custodiam
1020 2098 1057 2119 eo
1077 2086 1163 2129 quod
1183 2086 1206 2118 J
1208 2086 1351 2118 ohannes
1370 2085 1486 2145 habuit
1498 2075 1650 2146 ἓξὲξ

376 2150 482 2172 unum
508 2139 613 2171 filium
643 2138 844 2171 Willeltnum
875 2138 1015 2177 nomine,
1044 2138 1102 2181 qui
1139 2139 1362 2171 transfretauit
1398 2138 1484 2182 xviij.
1498 2146 1650 2189 ssssfflffl

375 2190 473 2224 annis
487 2190 659 2223 transactis
674 2194 708 2222 et
723 2201 890 2233 nunquam
902 2195 1017 2233 postea
1030 2190 1135 2223 rediit.
1174 2191 1219 2223 Et
1230 2191 1313 2223 bene
1323 2191 1485 2234 cognoscit
1498 2192 1647 2240 ssnffffiw.

410 2294 419 2311 ¹
437 2294 469 2319 A.
482 2301 518 2319 m.
533 2294 573 2318 14.
956 2291 1016 2318 that
1043 2292 1088 2318 the
1110 2293 1201 2318 widow
1223 2293 1317 2318 should
1346 2292 1412 2318 have
1440 2292 1485 2318 the

411 2327 423 2343 ⁸
440 2326 496 2351 'l'en
503 2326 662 2352 deforeinnts
668 2325 803 2358 including
809 2325 907 2351 Robert
957 2325 1041 2351 whole
1052 2326 1081 2351 of
1090 2325 1138 2350 her
1148 2325 1293 2351 husband‘s
1304 2326 1376 2351 land.

378 2359 413 2385 de
423 2359 504 2388 Hine,
516 2359 547 2384 Δ.
992 2358 1004 2374 ⁶
1019 2359 1050 2383 Δ.
1062 2366 1097 2384 ιιι.
1112 2358 1143 2383 14
1152 2358 1178 2383 d.

412 2391 453 2408 ³⁴
470 2391 527 2417 Om.
542 2392 573 2416 A.
993 2391 1004 2408 ⁷
1021 2391 1056 2416 So
1072 2391 1116 2417 Br.
1136 2391 1155 2415 f.
1172 2392 1220 2417 277
1232 2391 1256 2417 b.
1293 2390 1359 2416 Thia
1375 2391 1399 2416 is
1415 2391 1484 2416 Fitz.

413 2424 425 2440 ⁴
442 2423 490 2449 See
501 2424 591 2453 above,
606 2424 671 2449 Caes
683 2424 755 2450 1837.
963 2424 1169 2449 Muranum-ator
1188 2424 1229 2449 55.

414 2456 425 2472 ⁸
441 2456 467 2482 It
482 2463 536 2481 was
547 2456 592 2482 the
602 2459 704 2482 cuntem
715 2457 744 2482 of
758 2456 804 2482 the
820 2463 912 2482 mmor

1295 2498 1408 2530 4‘3-22
