1913 3138
772 431 837 456 Aa).
863 425 956 462 1227,
979 433 1042 458 AR.
1067 426 1115 458 12.
1408 429 1470 461 681

364 515 603 548 consideratum
631 520 681 549 est
710 517 795 560 quod
824 518 948 551 nullam
974 519 1051 552 inde
1080 520 1231 553 seisinam
1258 521 1383 555 habuit.
1427 522 1472 555 Et

363 567 438 600 ideo
461 568 607 612 Rogems
629 573 663 601 et
684 569 741 602 alii
763 569 839 602 inde
861 570 931 603 sine
953 570 1006 603 die
1030 577 1064 604 et
1086 572 1270 606 Willelmus
1289 573 1324 606 in
1347 574 1471 607 miseri-

362 620 477 652 cordia.
918 641 921 645 -

429 672 555 706 ¹Assisa
580 673 673 706 uenit
701 674 906 717 recognitum
933 675 963 707 si
992 675 1152 708 Ernaldus
1180 677 1348 721 Badhegh'
1376 682 1472 721 pater

363 723 515 767 Hugonis
530 725 594 757 fuit
608 725 738 758 seisitus
752 725 786 758 ‘m
801 726 962 759 dominico
977 737 1036 759 suo
1050 732 1089 760 ut
1100 728 1141 760 de
1156 728 1249 761 feodo
1259 729 1300 761 de
1315 729 1391 763 dim.
1406 741 1467 763 aer.

362 780 448 808 terre
463 787 537 808 eum
553 781 634 819 pert.
650 777 684 809 in
704 777 869 810 Rindham
891 778 944 811 die
966 783 1037 817 etc„
1051 790 1150 822 quam
1173 784 1292 813 terram
1315 781 1469 815 Matheus

360 827 448 860 filius
463 828 585 861 Thome
601 833 700 862 tenet.
746 829 812 869 Qui
827 830 920 863 uenit
935 835 970 863 et
984 831 1064 864 dicit
1079 832 1165 875 quod
1176 833 1276 866 assisa
1290 844 1355 866 non
1369 834 1468 867 debet

358 880 436 912 inde
452 880 530 919 fieri,
539 881 616 924 quia
627 886 714 914 terra
728 882 785 914 illa
795 882 874 915 data
884 882 964 915 fuit’
974 883 1009 915 in
1020 883 1228 927 maritagium
1239 896 1314 917 cum
1326 885 1466 927 quadam

358 933 527 966 Gunnilda
547 934 588 966 de
610 946 676 977 qua
697 935 823 967 nullum
847 934 998 967 heredem
1021 935 1147 976 habuit,
1164 940 1215 968 set
1237 941 1350 980 postea
1370 937 1467 970 duxit

357 985 533 1028 quamdam
548 985 646 1018 aliam
661 997 794 1019 uxorem
809 986 850 1019 de
866 998 932 1030 qua
945 986 1062 1020 habuit
1078 988 1254 1031 Hugonem
1274 988 1466 1031 predictum,

356 1037 445 1069 unde
482 1038 564 1070 bene
600 1038 681 1071 dicit
717 1039 804 1082 quod
834 1050 899 1071 non
928 1038 1046 1072 habuit
1076 1040 1206 1083 aliquod
1235 1040 1287 1073 ius
1315 1041 1378 1074 nisi
1407 1052 1467 1084 per

357 1090 566 1123 Gunnildam.
611 1090 655 1122 Et
677 1090 755 1133 quia
775 1090 882 1123 infans
904 1094 954 1123 est
976 1091 1061 1123 infra
1082 1095 1206 1124 etatem
1226 1096 1261 1124 et
1276 1103 1341 1125 non
1355 1096 1465 1135 potest

354 1142 519 1185 placitare,
534 1142 718 1185 inquiratur
732 1153 790 1185 per
804 1142 961 1175 iuratores
977 1148 1011 1175 et
1026 1143 1178 1186 procedat
1193 1148 1254 1177 etc.

421 1194 443 1227 J
447 1198 590 1227 uratores
612 1194 726 1227 dicunt
748 1194 834 1238 quod
856 1194 1003 1237 predicta
1024 1199 1111 1228 terra
1131 1195 1210 1228 data
1233 1196 1296 1229 fuit
1317 1197 1463 1239 predicto

355 1247 497 1279 Ernaldo
526 1247 560 1279 in
590 1246 799 1290 maritagium
829 1258 904 1279 cum
934 1246 1081 1289 predicta
1110 1247 1284 1287 Gunnilda,
1310 1253 1360 1282 set
1389 1253 1462 1292 post

354 1302 493 1330 mortem
516 1297 681 1331 Gunnilde
703 1303 738 1330 et
759 1309 934 1341 puerorum
956 1298 1058 1341 ipsius
1081 1298 1245 1332 Gunnilde
1271 1299 1349 1332 fecit
1374 1300 1461 1333 idem
1509 1331 1511 1333 .

354 1350 516 1382 Ernaldus
541 1354 672 1382 tantum
698 1361 811 1382 uersus
837 1350 1008 1382 Matheum
1034 1350 1075 1382 de
1101 1350 1263 1394 Valeynes
1288 1352 1461 1395 capitalem

354 1402 523 1434 dominum
553 1402 639 1435 feodi
667 1402 725 1445 qui
755 1407 874 1434 terram
903 1402 993 1434 illam
1022 1402 1157 1435 dederat
1182 1402 1217 1435 in
1244 1403 1461 1448 mafitagium,

354 1454 441 1498 quod
456 1454 547 1487 dedit
562 1454 593 1487 ei
608 1458 727 1487 terram
743 1454 832 1487 illam
848 1454 883 1487 in
904 1455 996 1487 feodo
1016 1459 1051 1487 et
1071 1454 1153 1487 obiit
1175 1455 1251 1488 inde
1273 1455 1411 1493 seisitus,
1427 1461 1461 1489 et

354 1506 441 1549 quod
477 1506 540 1539 iste
577 1506 654 1538 etc.⁸
712 1506 756 1538 Et
786 1506 858 1539 ideo
888 1506 1128 1539 consideratum
1158 1511 1209 1539 est
1238 1506 1325 1550 quod
1360 1507 1461 1551 Hugo

352 1559 559 1603 recuperauit
573 1559 724 1592 seisinam
739 1571 831 1592 suam
846 1565 881 1592 et
896 1558 1049 1592 Matheus
1063 1559 1097 1592 in
1113 1558 1331 1592 misericordia
1344 1562 1403 1592 ete.

418 1612 544 1645 ‘Assisa
569 1612 661 1645 uenit
687 1612 891 1655 recognitum
916 1612 943 1644 si
970 1611 1077 1644 Adam
1107 1611 1147 1644 de
1178 1611 1394 1655 Bedingfeuld
1425 1616 1459 1643 et

351 1664 547 1698 Constancia
575 1675 656 1696 uxor
685 1663 755 1696 eius
783 1663 904 1696 iniuste
931 1668 990 1696 etc.
1018 1663 1264 1695 disseisiuerunt
1292 1662 1458 1695 Simonem

350 1716 600 1759 Carpentarium
614 1715 656 1747 de
671 1715 772 1747 libero
788 1719 976 1747 tenemento
990 1725 1048 1747 suo
1063 1714 1098 1747 in
1114 1715 1289 1747 Kanetona
1302 1717 1376 1756 post
1391 1718 1450 1747 eto.

415 1767 522 1800 Adam
538 1767 631 1799 uenit
646 1771 681 1799 et
695 1766 776 1799 dicit
791 1766 877 1809 quod
891 1766 992 1799 assisa
1006 1777 1070 1799 non
1085 1766 1184 1798 debet
1203 1766 1279 1798 inde
1295 1765 1365 1798 fieri
1381 1765 1460 1809 quia

348 1820 535 1853 Willelmus
549 1819 635 1851 filius
650 1819 752 1862 ipsius
768 1819 910 1852 Simonis
929 1818 1138 1862 desponsauit
1158 1818 1334 1862 quamdam
1357 1818 1457 1850 filiam

348 1883 442 1904 suam
464 1875 541 1903 ante
564 1875 694 1914 tempus
715 1881 840 1913 guerre,
855 1874 890 1902 et
912 1881 984 1902 eam
1007 1869 1135 1902 dotauit
1158 1881 1217 1912 per
1237 1881 1405 1902 assensum
1423 1874 1458 1902 et

347 1923 553 1955 uoluntatem
579 1922 682 1966 ipsius
708 1922 858 1959 Simonis,
883 1925 917 1954 et
943 1921 1029 1965 quod
1053 1921 1237 1954 Willelmus
1263 1921 1345 1954 obiit
1374 1921 1458 1954 infra

345 1986 506 2018 guerram,
522 1978 556 2006 et
571 1978 644 2017 post
662 1978 800 2006 mortem
818 1984 909 2005 suam
931 1973 1024 2005 uenit
1043 1972 1130 2005 idem
1151 1972 1260 2005 Adam
1280 1976 1315 2005 et
1334 1972 1457 2016 recepit

346 2027 458 2059 dotem
472 2027 538 2059 filie
553 2037 611 2058 sue
626 2026 804 2059 secundum
819 2024 905 2068 quod
920 2024 1007 2057 idem
1024 2025 1137 2057 Simon
1151 2024 1182 2057 ei
1197 2028 1406 2063 concesserat,
1422 2028 1457 2056 et

346 2079 396 2112 ita
410 2083 461 2111 est
474 2079 542 2111 filia
556 2090 616 2111 sua
629 2079 663 2111 in
679 2078 798 2110 seisina
812 2082 851 2109 ut
864 2076 905 2109 de
920 2077 997 2109 dote
1012 2087 1077 2109 sua..

414 2132 457 2163 Et
471 2131 582 2163 Simon
594 2130 687 2163 uenit
699 2134 733 2162 et
744 2129 827 2162 bene
839 2128 987 2161 concedit
998 2128 1085 2172 quod
1096 2128 1261 2171 predictus
1270 2127 1456 2160 Willelmus

344 2182 433 2215 filius
447 2193 525 2214 suus
540 2181 749 2225 desponsauit
763 2181 864 2213 filiam
879 2191 972 2212 suam
993 2191 1052 2222 per
1066 2179 1272 2212 uoluntatem
1287 2189 1390 2216 suam,
1404 2182 1455 2210 set

343 2245 512 2277 nunquam
528 2234 592 2266 fuit
606 2234 720 2266 dotata
735 2234 740 2273 1
756 2226 797 2265 de
809 2237 895 2265 terra
905 2243 965 2264 sua
975 2243 1034 2275 per
1047 2231 1253 2264 uoluntatem
1269 2241 1362 2263 suam
1377 2229 1455 2273 quia

341 2298 459 2321 reuera
481 2291 555 2330 post
577 2290 715 2319 mortem
732 2285 891 2318 willelmi
911 2284 1005 2317 uenit
1024 2284 1112 2317 idem
1133 2283 1240 2316 Adam
1261 2289 1296 2316 et
1311 2295 1370 2327 per
1383 2283 1453 2316 uim

377 2369 387 2386 ¹
405 2369 437 2394 A.
450 2376 485 2394 m.
500 2369 540 2395 17.
925 2367 1050 2393 Ernald’s
1060 2368 1124 2392 next
1135 2366 1201 2394 heir.

376 2402 389 2418 ¹
406 2402 492 2427 Given
505 2404 533 2427 to
545 2401 656 2426 Ernald.
959 2401 971 2417 ⁴
986 2401 1017 2426 A.
1030 2407 1065 2426 m.
1079 2401 1119 2426 19.

375 2434 388 2451 ²
405 2434 457 2464 Sic.
470 2435 501 2460 A.
535 2434 596 2461 And
612 2433 672 2461 that
687 2433 742 2460 this
756 2433 837 2466 Hugh
852 2432 876 2459 is

1513 2245 1571 2271 [Ἀθ-1
